
@Unpublished{moc,
  Author         = {Schnitzer, Dominic},
  Title          = {Mo{C} - {M}aster of {C}elebration: {A}utomatic
                   {P}laylist {G}eneration},
  month          = {26 } # aug,
  year           = 2003
}

@InProceedings{scaling-up,
  Author         = {Aucouturier, J.-J.; Pachet, F.},
  Title          = {Scaling up {M}usic {P}laylist {G}eneration},
  BookTitle      = {Proceedings of {IEEE} {I}nternational {C}onference on
                   {M}ultimedia and {E}xpo ({ICME})},
  month          = aug,
  year           = 2002
}

@Article{hainsworth-transcription,
  Author         = {Stephen W. Hainsworth and Malcom D. Macleod},
  Title          = {The Automated Music Transcription Problem}
}

@Misc{copyright1998,
  Title          = {Copyright, {D}esigns and {P}atents {A}ct},
  chapter        = {48},
  year           = 1988
}

@InProceedings{klapuri-transcription,
  Author         = {A. Klapuri and A. Eronen and J. Seppanen and T.
                   Virtanen},
  Title          = {Automatic Transcription of Music},
  BookTitle      = {Symposium on Stochastic Modelling of Music},
  location       = {Ghent (Belgium)},
  month          = {22 } # oct,
  year           = 2001
}

@Article{byrd-probs-mir,
  Author         = {Donald Byrd and Tim Crawford},
  Title          = {Problems of music information retrieval in the real
                   world},
  Journal        = {Information Processing and Management},
  Volume         = {38},
  Pages          = {249--272},
  year           = 2001
}

@InProceedings{fingerhut-mir,
  Author         = {Michael Fingerhut},
  Title          = {Music {I}nformation {R}etrieval, or how to search for
                   (and maybe find) music and do away with incipits},
  BookTitle      = {{IAML}-{IASA} Congress},
  location       = {Oslo (Norway)},
  month          = aug,
  year           = 2004
}

@InProceedings{wood-moodbars,
  Author         = {Gavin Wood and Simon O'Keefe},
  Title          = {On Techniques for Content-Based Visual Annotation to
                   Aid Intra-Track Music Navigation},
  BookTitle      = {International Conferences on Music Information
                   Retrieval and Related Activities},
  year           = 2005
}

@Article{sturm-css-law,
  Author         = {Bob L. Sturm},
  Title          = {Concatenative Sound Synthesis and Intellecual
                   Property: An Analysis of the Legal Issues Surrounding
                   the Synthesis of Novel Sounds from Copyright-Protected
                   Work},
  Journal        = {Journal of New Music Research},
  Volume         = {35},
  Pages          = {23-33},
  year           = 2006
}

@Article{downie-mir,
  Author         = {J. Stephen Downie},
  Title          = {Music Information Retrieval},
  Journal        = {Annual Review of Information Science and Technology},
  Volume         = {37},
  Pages          = {295--340},
  year           = 2003
}

@TechReport{wp3-report,
  Author         = {Aucouturier, J.-J.; Beurive, A.; Plenge},
  Title          = {Public {R}eport of {WP}3 ``{B}rowsing''},
  Institution    = {Semantic HIFI},
  month          = {21 } # nov,
  year           = 2006
}

